@inproceedings{mauvedb-grid,
 author = {Deshpande, Amol and Madden, Samuel},
 title = {{MauveDB: Supporting Model-based User Views in Database Systems}},
 booktitle = {SIGMOD},
 year = {2006},
 isbn = {1-59593-434-0},
 location = {Chicago, IL, USA},
 pages = {73--84},
 numpages = {12},
 url = {http://doi.acm.org/10.1145/1142473.1142483},
 doi = {10.1145/1142473.1142483},
 acmid = {1142483},
 keywords = {query processing, regression, sensor networks, statistical models, uncertain data, views},
} 

@inproceedings{mauvedb-cidr,
  added-at = {2007-09-14T00:00:00.000+0200},
  author = {Deshpande, Amol and Guestrin, Carlos and Madden, Samuel},
  booktitle = {CIDR},
  title = {{Using Probabilistic Models for Data Management in Acquisitional Environments.}},
  year = 2005
}

@inproceedings{mauvedb-vldb,
 author = {Deshpande, Amol and Guestrin, Carlos and Madden, Samuel R. and Hellerstein, Joseph M. and Hong, Wei},
 title = {{Model-driven Data Acquisition in Sensor Networks}},
 booktitle = {VLDB},
 year = {2004},
 isbn = {0-12-088469-0},
 location = {Toronto, Canada},
 ignorepages = {588--599},
 numpages = {12},
 url = {http://dl.acm.org/citation.cfm?id=1316689.1316741},
 acmid = {1316741}
} 

@inproceedings{functiondb,
  author = {Thiagarajan, Arvind and Madden, Samuel},
  booktitle = {SIGMOD},
  isbn = {978-1-60558-102-6},
  ignorepages = {791-804},
  title = {{Querying Continuous Functions in a Database System}},
  year = 2008
}

@inproceedings{aberer-cloud,
  author    = {Tian Guo and
               Thanasis G. Papaioannou and
               Karl Aberer},
  title     = {{Model-View Sensor Data Management in the Cloud}},
  booktitle = {BigData Conference},
  year      = {2013},
  pages     = {282-290},
  ee        = {http://dx.doi.org/10.1109/BigData.2013.6691585},
  bibsource = {DBLP, http://dblp.uni-trier.de}
}

@article{aberer-compression,
author = {Nguyen Quoc Viet Hung and Hoyoung Jeung and Karl Aberer},
title = {{An Evaluation of Model-Based Approaches to Sensor Data Compression}},
journal ={IEEE TKDE},
volume = {25},
number = {11},
issn = {1041-4347},
year = {2013},
pages = {2434-2447},
doi = {http://doi.ieeecomputersociety.org/10.1109/TKDE.2012.237},
publisher = {IEEE Computer Society},
address = {Los Alamitos, CA, USA},
}



@article{DBS-004,
url = {http://dx.doi.org/10.1561/1900000004},
year = {2011},
issn = {1931-7883},
pages = {1-294},
volume = {4},
journal = {Foundations and Trends in Databases},
number = {1-3},
author = {Graham Cormode and Minos Garofalakis and Peter J. Haas and Chris Jermaine},
title = {Synopses for Massive Data: Samples, Histograms, Wavelets, Sketches},
doi = {10.1561/1900000004}
}

@article{TCS-002,
url = {http://dx.doi.org/10.1561/0400000002},
year = {2005},
issn = {1551-305X},
pages = {117-236},
volume = {1},
journal = {Foundations and Trends® in Theoretical Computer Science},
number = {2},
author = {S. Muthukrishnan},
title = {Data Streams: Algorithms and Applications},
doi = {10.1561/0400000002}
}

@book{DBLP:books/mk/Sayood12,
  author    = {Khalid Sayood},
  title     = {Introduction to Data Compression},
  publisher = {Morgan Kaufmann},
  year      = {2012},
  edition   = {4th},
  isbn      = {1-55860-346-8},
}

@book{adaptive_filter_theory,
 author = {Haykin, Simon},
 title = {Adaptive Filter Theory (4th Ed.)},
 year = {2001},
 isbn = {0-13-322760-X},
 publisher = {Prentice-Hall, Inc.},
 address = {Upper Saddle River, NJ, USA},
} 

@book{dsp,
 author = {Stein, Jonathan},
 title = {Digital Signal Processing: A Computer Science Perspective},
 year = {2000},
 isbn = {0471295469},
 publisher = {Wiley-Interscience},
} 

@book{prediction_learning_models,
 author = {Cesa-Bianchi, Nicolo and Lugosi, Gabor},
 title = {Prediction, Learning, and Games},
 year = {2006},
 isbn = {0521841089},
 publisher = {Cambridge University Press},
 address = {New York, NY, USA},
} 

@book{adaptive_signal_processing,
 author = {Widrow, Bernard and Stearns, Samuel D.},
 title = {Adaptive Signal Processing},
 year = {1985},
 isbn = {0-13-004029-0},
 publisher = {Prentice-Hall, Inc.},
 address = {Upper Saddle River, NJ, USA},
} 

%%% Citations from Cormode et. al.
%[126] P. B. Gibbons, Y. Matias, and V. Poosala, “Fast incremental maintenance of approximate histograms,” ACM Transactions on Database Systems, vol. 27, no. 3, pp. 261–298, 2002.
%[225] Y. Matias, J. S. Vitter, and M. Wang, “Dynamic maintenance of wavelet- based histograms,” in Proceedings of the International Conference on Very
%Large Data Bases, Cairo, Egypt, September 2000.
%%% Switching experts references
@inproceedings{bousquet01tracking,
    author = "Olivier Bousquet and Manfred K. Warmuth",
    title = "Tracking a Small Set of Experts by Mixing Past Posteriors",
    booktitle = "Proceedings of the 14th Annual Conference on Computational Learning Theory, {COLT} 2001",
    publisher = "Springer, Berlin",
    pages = "31--47",
    year = "2001"}

@inproceedings{FreundScSiWa97,
author =	{Yoav Freund and Robert E. Schapire and
			Yoram Singer and Manfred K. Warmuth},
title =		{Using and Combining Predictors that Specialize},
booktitle =	stoc97,
pages =		{334--343},
year =		1997
}

@Article{HerbsterWa98,
  author = 	 {Mark Herbster and Manfred Warmuth},
  title = 	 {Tracking the best expert},
  journal = 	 {ml},
  year = 	 1998,
  volume =	 32,
  number =	 2,
  pages =	 {151--178},
  month =	 {August}
}

@inproceedings{onlineaggr,
 author = {Hellerstein, Joseph M. and Haas, Peter J. and Wang, Helen J.},
 title = {{Online Aggregation}},
 booktitle = {SIGMOD},
 year = {1997},
 isbn = {0-89791-911-4},
 location = {Tucson, Arizona, USA},
 pages = {171--182},
 numpages = {12},
 url = {http://doi.acm.org/10.1145/253260.253291},
 doi = {10.1145/253260.253291},
 acmid = {253291}
} 

@article{madlib,
  author    = {Joseph M. Hellerstein and
               Christopher R{\'e} and
               Florian Schoppmann and
               Daisy Zhe Wang and
               Eugene Fratkin and
               Aleksander Gorajek and
               Kee Siong Ng and
               Caleb Welton and
               Xixuan Feng and
               Kun Li and
               Arun Kumar},
  title     = {{The MADlib Analytics Library or MAD Skills, the SQL}},
  journal   = {PVLDB},
  volume    = {5},
  number    = {12},
  year      = {2012},
  ignorepages     = {1700-1711}
}

@article{olap,
 author = {Chaudhuri, Surajit and Dayal, Umeshwar},
 title = {An Overview of Data Warehousing and OLAP Technology},
 journal = {SIGMOD Rec.},
 issue_date = {March 1997},
 volume = {26},
 number = {1},
 month = mar,
 year = {1997},
 issn = {0163-5808},
 pages = {65--74},
 numpages = {10},
 url = {http://doi.acm.org/10.1145/248603.248616},
 doi = {10.1145/248603.248616},
 acmid = {248616},
 publisher = {ACM},
 address = {New York, NY, USA},
} 


